\bibitem[Haro13]
D.~D. Haro, Yunasfi, and Z.~A.~Harahap. (2013). Kondisi Kualitas Air Danau Toba di Kecamatan Haranggaol Horison Kabupaten Simalungun Sumatera Utara (Toba Lake Water Quality Conditions in Sub-District Haranggaol Horison Simalungun Regency of North Sumatra). \textit{Aqua Coast Marine 1 (1)}.